<?xml version="1.0" encoding="UTF-8"?><collection xmlns="http://www.loc.gov/MARC21/slim"><record><leader>00351nam--2200121-i-4500</leader><controlfield tag="001">000042535</controlfield><controlfield tag="002">20161230</controlfield><controlfield tag="005">20161230201043</controlfield><controlfield tag="008">060222s1000------------r-----000-0-eng-d</controlfield><datafield ind1=" " ind2=" " tag="245"><subfield code="a">Springer series in material sciences:vol.1:the metal-hydrogen system. basic bulk properties</subfield></datafield><datafield ind1=" " ind2=" " tag="260"><subfield code="a">Berlin, Springer-verlag, 1993</subfield></datafield><datafield ind1=" " ind2=" " tag="700"><subfield code="a">Yuh Fukai</subfield></datafield><datafield ind1=" " ind2=" " tag="852"><subfield code="a">78671</subfield></datafield></record></collection>